%% This BibTeX bibliography file was created using BibDesk.
%% https://bibdesk.sourceforge.io/

%% Created for Siddharth Mishra-Sharma at 2022-10-15 18:06:27 -0400 


%% Saved with string encoding Unicode (UTF-8) 

@article{astropy:2013,
	Adsnote = {Provided by the SAO/NASA Astrophysics Data System},
	Adsurl = {http://adsabs.harvard.edu/abs/2013A%26A...558A..33A},
	Archiveprefix = {arXiv},
	Author = {{Astropy Collaboration}},
	Doi = {10.1051/0004-6361/201322068},
	Eid = {A33},
	Eprint = {1307.6212},
	Journal = {Astronomy \& Astrophysics},
	Keywords = {methods: data analysis, methods: miscellaneous, virtual observatory tools},
	Month = oct,
	Pages = {A33},
	Primaryclass = {astro-ph.IM},
	Title = {{Astropy: A community Python package for astronomy}},
	Volume = 558,
	Year = 2013,
	Bdsk-Url-1 = {https://dx.doi.org/10.1051/0004-6361/201322068}}

@ARTICLE{astropy:2018,
       author = {{Astropy Collaboration}},
        title = "{The Astropy Project: Building an Open-science Project and Status of the v2.0 Core Package}",
      journal = {The Astronomical Journal},
     keywords = {methods: data analysis, methods: miscellaneous, methods: statistical, reference systems, Astrophysics - Instrumentation and Methods for Astrophysics},
         year = 2018,
        month = sep,
       volume = {156},
       number = {3},
          eid = {123},
        pages = {123},
          doi = {10.3847/1538-3881/aabc4f},
archivePrefix = {arXiv},
       eprint = {1801.02634},
 primaryClass = {astro-ph.IM},
       adsurl = {https://ui.adsabs.harvard.edu/abs/2018AJ....156..123A},
      adsnote = {Provided by the SAO/NASA Astrophysics Data System}
}

@ARTICLE{astropy:2022,
       author = {{Astropy Collaboration}},
        title = "{The Astropy Project: Sustaining and Growing a Community-oriented Open-source Project and the Latest Major Release (v5.0) of the Core Package}",
      journal = {The Astrophysical Journal},
     keywords = {Astronomy software, Open source software, Astronomy data analysis, 1855, 1866, 1858, Astrophysics - Instrumentation and Methods for Astrophysics},
         year = 2022,
        month = aug,
       volume = {935},
       number = {2},
          eid = {167},
        pages = {167},
          doi = {10.3847/1538-4357/ac7c74},
archivePrefix = {arXiv},
       eprint = {2206.14220},
 primaryClass = {astro-ph.IM},
       adsurl = {https://ui.adsabs.harvard.edu/abs/2022ApJ...935..167A},
      adsnote = {Provided by the SAO/NASA Astrophysics Data System}
}


@article{Birrer2021,
	author = {Simon Birrer and Anowar J. Shajib and Daniel Gilman and Aymeric Galan and Jelle Aalbers and Martin Millon and Robert Morgan and Giulia Pagano and Ji Won Park and Luca Teodori and Nicolas Tessore and Madison Ueland and Lyne Van de Vyvere and Sebastian Wagner-Carena and Ewoud Wempe and Lilan Yang and Xuheng Ding and Thomas Schmidt and Dominique Sluse and Ming Zhang and Adam Amara},
	date-added = {2022-10-15 18:05:31 -0400},
	date-modified = {2022-10-15 18:05:31 -0400},
	doi = {10.21105/joss.03283},
	journal = {Journal of Open Source Software},
	number = {62},
	pages = {3283},
	publisher = {The Open Journal},
	title = {lenstronomy II: A gravitational lensing software ecosystem},
	url = {https://doi.org/10.21105/joss.03283},
	volume = {6},
	year = {2021},
	bdsk-url-1 = {https://doi.org/10.21105/joss.03283}}

@inproceedings{biggio2021ml4ps,
	author = {Biggio, Luca and Galan, Aymeric and Peel, Austin and Vernardos, Georgios and Courbin, Fr\'{e}d\'{e}ric},
	booktitle = {{Machine Learning and the Physical Sciences Workshop at the 35th Conference on Neural Information Processing Systems (NeurIPS)}},
	title = {{Differentiable Strong Lensing for Complex Lens Modelling}},
	year = {2021}}

@article{blei2017variational,
	author = {Blei, David M and Kucukelbir, Alp and McAuliffe, Jon D},
	journal = {Journal of the American statistical Association},
	number = {518},
	pages = {859--877},
	publisher = {Taylor \& Francis},
	title = {Variational inference: A review for statisticians},
	volume = {112},
	year = {2017}}

@article{jordan1999introduction,
	author = {Jordan, Michael I and Ghahramani, Zoubin and Jaakkola, Tommi S and Saul, Lawrence K},
	journal = {Machine learning},
	number = {2},
	pages = {183--233},
	publisher = {Springer},
	title = {An introduction to variational methods for graphical models},
	volume = {37},
	year = {1999}}

@article{phan2019composable,
	author = {Phan, Du and Pradhan, Neeraj and Jankowiak, Martin},
	journal = {arXiv preprint arXiv:1912.11554},
	title = {Composable Effects for Flexible and Accelerated Probabilistic Programming in NumPyro},
	year = {2019}}

@article{scikit-image,
	author = {van der Walt, {S}t\'efan and {S}ch\"onberger, {J}ohannes {L}. and {Nunez-Iglesias}, {J}uan and {B}oulogne, {F}ran\c{c}ois and {W}arner, {J}oshua {D}. and {Y}ager, {N}eil and {G}ouillart, {E}mmanuelle and {Y}u, {T}ony and the scikit-image contributors},
	doi = {10.7717/peerj.453},
	issn = {2167-8359},
	journal = {PeerJ},
	keywords = {Image processing, Reproducible research, Education, Visualization, Open source, Python, Scientific programming},
	month = {6},
	pages = {e453},
	title = {scikit-image: image processing in {P}ython},
	url = {https://doi.org/10.7717/peerj.453},
	volume = {2},
	year = {2014},
	bdsk-url-1 = {https://doi.org/10.7717/peerj.453}}

@software{deepmind2020jax,
	author = {Babuschkin, Igor and Baumli, Kate and Bell, Alison and Bhupatiraju, Surya and Bruce, Jake and Buchlovsky, Peter and Budden, David and Cai, Trevor and Clark, Aidan and Danihelka, Ivo and Fantacci, Claudio and Godwin, Jonathan and Jones, Chris and Hennigan, Tom and Hessel, Matteo and Kapturowski, Steven and Keck, Thomas and Kemaev, Iurii and King, Michael and Martens, Lena and Mikulik, Vladimir and Norman, Tamara and Quan, John and Papamakarios, George and Ring, Roman and Ruiz, Francisco and Sanchez, Alvaro and Schneider, Rosalia and Sezener, Eren and Spencer, Stephen and Srinivasan, Srivatsan and Stokowiec, Wojciech and Viola, Fabio},
	title = {The {D}eep{M}ind {JAX} {E}cosystem},
	url = {http://github.com/deepmind},
	year = {2020},
	bdsk-url-1 = {http://github.com/deepmind}}

@inproceedings{Kluyver2016JupyterN,
	author = {Thomas Kluyver and others},
	booktitle = {ELPUB},
	date-added = {2019-08-26 15:09:08 -0400},
	date-modified = {2020-11-30 17:34:42 -0500},
	title = {Jupyter Notebooks - a publishing format for reproducible computational workflows},
	year = {2016}}

@article{Hunter:2007,
	abstract = {Matplotlib is a 2D graphics package used for Python
for application development, interactive scripting, and
publication-quality image generation across user
interfaces and operating systems.},
	author = {Hunter, J. D.},
	date-added = {2019-04-11 22:40:10 -0400},
	date-modified = {2020-09-30 11:57:18 -0400},
	journal = {Computing In Science \& Engineering},
	number = {3},
	pages = {90--95},
	publisher = {IEEE COMPUTER SOC},
	title = {{Matplotlib: A 2D graphics environment}},
	volume = {9},
	year = {2007}}

@article{PER-GRA:2007,
	author = {P\'erez, Fernando and Granger, Brian E.},
	date-added = {2020-09-17 14:24:27 -0400},
	date-modified = {2020-09-17 14:24:27 -0400},
	doi = {10.1109/MCSE.2007.53},
	issn = {1521-9615},
	journal = {Computing in Science and Engineering},
	month = may,
	number = {3},
	pages = {21--29},
	publisher = {IEEE Computer Society},
	title = {{IP}ython: a System for Interactive Scientific Computing},
	url = {http://ipython.org},
	volume = {9},
	year = 2007,
	bdsk-url-1 = {http://ipython.org},
	bdsk-url-2 = {https://doi.org/10.1109/MCSE.2007.53}}

@article{harris2020array,
	author = {Harris, Charles R and Millman, K Jarrod and Van Der Walt, St{\'e}fan J and Gommers, Ralf and Virtanen, Pauli and Cournapeau, David and Wieser, Eric and Taylor, Julian and Berg, Sebastian and Smith, Nathaniel J and others},
	journal = {Nature},
	number = {7825},
	pages = {357--362},
	publisher = {Nature Publishing Group},
	title = {Array programming with NumPy},
	volume = {585},
	year = {2020}}

@article{2020SciPy-NMeth,
	adsurl = {https://rdcu.be/b08Wh},
	author = {Virtanen, Pauli and others},
	date-added = {2020-09-30 12:01:16 -0400},
	date-modified = {2020-11-30 17:35:50 -0500},
	doi = {10.1038/s41592-019-0686-2},
	journal = {Nature Methods},
	pages = {261--272},
	title = {{{SciPy} 1.0: Fundamental Algorithms for Scientific Computing in Python}},
	volume = {17},
	year = {2020},
	bdsk-url-1 = {https://doi.org/10.1038/s41592-019-0686-2}}

@article{treu2010strong,
	author = {Treu, Tommaso},
	journal = {Annual Review of Astronomy and Astrophysics},
	pages = {87--125},
	publisher = {Annual Reviews},
	title = {Strong lensing by galaxies},
	volume = {48},
	year = {2010}}

@article{1994A&A...284..285K,
	adsnote = {Provided by the SAO/NASA Astrophysics Data System},
	adsurl = {https://ui.adsabs.harvard.edu/abs/1994A&A...284..285K},
	author = {{Kormann}, R. and {Schneider}, P. and {Bartelmann}, M.},
	journal = {Astronomy \& Astrophysics},
	keywords = {Astronomical Models, Ellipsoids, Gravitational Lenses, Isothermal Processes, Mass Distribution, Critical Velocity, Distortion, Finite Difference Theory, Vector Analysis, Astrophysics, GRAVITATION, GRAVITATIONAL LENSING},
	month = apr,
	pages = {285-299},
	title = {{Isothermal elliptical gravitational lens models.}},
	volume = {284},
	year = 1994}

@article{wuyts2012constraints,
	author = {Wuyts, Eva and Rigby, Jane R and Sharon, Keren and Gladders, Michael D},
	journal = {The Astrophysical Journal},
	number = {1},
	pages = {73},
	publisher = {IOP Publishing},
	title = {Constraints on the low-mass end of the mass-metallicity relation at $z=1$--2 from lensed galaxies},
	volume = {755},
	year = {2012}}

@article{acharyya2019rest,
	author = {Acharyya, Ayan and Kewley, Lisa J and Rigby, Jane R and Bayliss, Matthew and Bian, Fuyan and Nicholls, David and Federrath, Christoph and Kaasinen, Melanie and Florian, Michael and Blanc, Guillermo A},
	journal = {Monthly Notices of the Royal Astronomical Society},
	number = {4},
	pages = {5862--5886},
	publisher = {Oxford University Press},
	title = {Rest-frame UV and optical emission line diagnostics of ionized gas properties: a test case in a star-forming knot of a lensed galaxy at z~ 1.7},
	volume = {488},
	year = {2019}}

@article{wong2014discovery,
	author = {Wong, Kenneth C and Tran, Kim-Vy H and Suyu, Sherry H and Momcheva, Ivelina G and Brammer, Gabriel B and Brodwin, Mark and Gonzalez, Anthony H and Halkola, Aleksi and Kacprzak, Glenn G and Koekemoer, Anton M and others},
	journal = {The Astrophysical Journal Letters},
	number = {2},
	pages = {L31},
	publisher = {IOP Publishing},
	title = {Discovery of a Strong Lensing Galaxy Embedded in a Cluster at $z=1.62$},
	volume = {789},
	year = {2014}}

@article{yuan2017most,
	author = {Yuan, Tiantian and Richard, Johan and Gupta, Anshu and Federrath, Christoph and Sharma, Soniya and Groves, Brent A and Kewley, Lisa J and Cen, Renyue and Birnboim, Yuval and Fisher, David B},
	journal = {The Astrophysical Journal},
	number = {1},
	pages = {61},
	publisher = {IOP Publishing},
	title = {The most ancient spiral galaxy: a 2.6-gyr-old disk with a tranquil velocity field},
	volume = {850},
	year = {2017}}

@article{kingma2014adam,
	author = {Kingma, Diederik P and Ba, Jimmy},
	journal = {arXiv preprint arXiv:1412.6980},
	title = {Adam: A method for stochastic optimization},
	year = {2014}}

@article{loshchilov2017decoupled,
	author = {Loshchilov, Ilya and Hutter, Frank},
	journal = {arXiv preprint arXiv:1711.05101},
	title = {Decoupled weight decay regularization},
	year = {2017}}

@article{levis2022gravitationally,
	author = {Levis, Aviad and Srinivasan, Pratul P and Chael, Andrew A and Ng, Ren and Bouman, Katherine L},
	journal = {arXiv preprint arXiv:2204.03715},
	title = {Gravitationally Lensed Black Hole Emission Tomography},
	year = {2022}}

@software{optax2020github,
	author = {Matteo Hessel and David Budden and Fabio Viola and Mihaela Rosca and Eren Sezener and Tom Hennigan},
	title = {Optax: composable gradient transformation and optimisation, in JAX!},
	url = {http://github.com/deepmind/optax},
	version = {0.0.1},
	year = {2020},
	bdsk-url-1 = {http://github.com/deepmind/optax}}

@software{jaxinterp2dgithub,
	author = {Coogan, Adam},
	title = {jaxinterp2d: bilinear interpolation on grids with jax},
	url = {http://github.com/adam-coogan/jaxinterp2d},
	bdsk-url-1 = {http://github.com/adam-coogan/jaxinterp2d}}

@software{flax2020github,
	author = {Jonathan Heek and Anselm Levskaya and Avital Oliver and Marvin Ritter and Bertrand Rondepierre and Andreas Steiner and Marc van {Z}ee},
	title = {{F}lax: A neural network library and ecosystem for {JAX}},
	url = {http://github.com/google/flax},
	version = {0.4.2},
	year = {2020},
	bdsk-url-1 = {http://github.com/google/flax}}

@article{keeton2001catalog,
	author = {Keeton, Charles R},
	journal = {arXiv preprint astro-ph/0102341},
	title = {A catalog of mass models for gravitational lensing},
	year = {2001}}

@article{kingma2013auto,
	author = {Kingma, Diederik P and Welling, Max},
	journal = {arXiv preprint arXiv:1312.6114},
	title = {Auto-encoding variational bayes},
	year = {2013}}

@article{tancik2020fourier,
	author = {Tancik, Matthew and Srinivasan, Pratul and Mildenhall, Ben and Fridovich-Keil, Sara and Raghavan, Nithin and Singhal, Utkarsh and Ramamoorthi, Ravi and Barron, Jonathan and Ng, Ren},
	journal = {Advances in Neural Information Processing Systems},
	pages = {7537--7547},
	title = {Fourier features let networks learn high frequency functions in low dimensional domains},
	volume = {33},
	year = {2020}}

@software{jax2018github,
	author = {James Bradbury and Roy Frostig and Peter Hawkins and Matthew James Johnson and Chris Leary and Dougal Maclaurin and George Necula and Adam Paszke and Jake Vander{P}las and Skye Wanderman-{M}ilne and Qiao Zhang},
	title = {{JAX}: composable transformations of {P}ython+{N}um{P}y programs},
	url = {http://github.com/google/jax},
	version = {0.2.5},
	year = {2018},
	bdsk-url-1 = {http://github.com/google/jax}}

@article{gu2022giga,
	author = {Gu, A and Huang, X and Sheu, W and Aldering, G and Bolton, AS and Boone, K and Dey, A and Filipp, A and Jullo, E and Perlmutter, S and others},
	journal = {arXiv preprint arXiv:2202.07663},
	title = {GIGA-Lens: Fast Bayesian Inference for Strong Gravitational Lens Modeling},
	year = {2022}}

@inproceedings{mildenhall2020nerf,
	author = {Mildenhall, Ben and Srinivasan, Pratul P and Tancik, Matthew and Barron, Jonathan T and Ramamoorthi, Ravi and Ng, Ren},
	booktitle = {European conference on computer vision},
	organization = {Springer},
	pages = {405--421},
	title = {Nerf: Representing scenes as neural radiance fields for view synthesis},
	year = {2020}}

@article{collett2015population,
	author = {Collett, Thomas E},
	journal = {The Astrophysical Journal},
	number = {1},
	pages = {20},
	publisher = {IOP Publishing},
	title = {The population of galaxy--galaxy strong lenses in forthcoming optical imaging surveys},
	volume = {811},
	year = {2015}}

@article{simon2019testing,
	author = {Simon, Joshua D and Birrer, Simon and Bechtol, Keith and Chakrabarti, Sukanya and Cyr-Racine, Francis-Yan and Dell'Antonio, Ian and Drlica-Wagner, Alex and Fassnacht, Chris and Geha, Marla and Gilman, Daniel and others},
	journal = {arXiv preprint arXiv:1903.04742},
	title = {Testing the nature of dark matter with extremely large telescopes},
	year = {2019}}

@article{meneghetti2020excess,
	author = {Meneghetti, Massimo and Davoli, Guido and Bergamini, Pietro and Rosati, Piero and Natarajan, Priyamvada and Giocoli, Carlo and Caminha, Gabriel B and Metcalf, R Benton and Rasia, Elena and Borgani, Stefano and others},
	date-added = {2022-05-15 21:35:58 -0400},
	date-modified = {2022-05-15 21:35:58 -0400},
	journal = {Science},
	number = {6509},
	pages = {1347--1351},
	publisher = {American Association for the Advancement of Science},
	title = {An excess of small-scale gravitational lenses observed in galaxy clusters},
	volume = {369},
	year = {2020}}

@article{hsueh2020sharp,
	author = {Hsueh, Jen-Wei and Enzi, Wolfgang and Vegetti, Simona and Auger, MW and Fassnacht, Christopher D and Despali, Giulia and Koopmans, Leon VE and McKean, John P},
	date-added = {2022-05-15 21:35:06 -0400},
	date-modified = {2022-05-15 21:35:06 -0400},
	journal = {Monthly Notices of the Royal Astronomical Society},
	number = {2},
	pages = {3047--3059},
	publisher = {Oxford University Press},
	title = {SHARP--VII. New constraints on the dark matter free-streaming properties and substructure abundance from gravitationally lensed quasars},
	volume = {492},
	year = {2020}}

@article{dalal2002direct,
	author = {Dalal, N and Kochanek, CS},
	date-added = {2022-05-15 21:31:58 -0400},
	date-modified = {2022-05-15 21:31:58 -0400},
	journal = {The Astrophysical Journal},
	number = {1},
	pages = {25},
	publisher = {IOP Publishing},
	title = {Direct detection of cold dark matter substructure},
	volume = {572},
	year = {2002}}

@article{csengul2021substructure,
	author = {{\c{S}}eng{\"u}l, At{\i}n{\c{c}} {\c{C}}a{\u{g}}an and Dvorkin, Cora and Ostdiek, Bryan and Tsang, Arthur},
	date-added = {2022-05-15 21:31:32 -0400},
	date-modified = {2022-05-15 21:31:32 -0400},
	journal = {arXiv preprint arXiv:2112.00749},
	title = {Substructure Detection Reanalyzed: Dark Perturber shown to be a Line-of-Sight Halo},
	year = {2021}}

@article{gilman2019warm,
	author = {Gilman, Daniel and Birrer, Simon and Nierenberg, Anna and Treu, Tommaso and Du, Xiaolong and Benson, Andrew},
	date-added = {2022-05-15 21:31:09 -0400},
	date-modified = {2022-05-15 21:31:09 -0400},
	journal = {Monthly Notices of the Royal Astronomical Society},
	title = {Warm dark matter chills out: constraints on the halo mass function and the free-streaming length of dark matter with 8 quadruple-image strong gravitational lenses},
	year = {2019}}

@article{hezaveh2016detection,
	author = {Hezaveh, Yashar D and Dalal, Neal and Marrone, Daniel P and Mao, Yao-Yuan and Morningstar, Warren and Wen, Di and Blandford, Roger D and Carlstrom, John E and Fassnacht, Christopher D and Holder, Gilbert P and others},
	date-added = {2022-05-15 21:30:38 -0400},
	date-modified = {2022-05-15 21:30:38 -0400},
	journal = {The Astrophysical Journal},
	number = {1},
	pages = {37},
	publisher = {IOP Publishing},
	title = {Detection of lensing substructure using ALMA observations of the dusty galaxy SDP. 81},
	volume = {823},
	year = {2016}}

@article{vegetti2014inference,
	author = {Vegetti, S and Koopmans, LVE and Auger, MW and Treu, T and Bolton, AS},
	date-added = {2022-05-15 21:29:57 -0400},
	date-modified = {2022-05-15 21:29:57 -0400},
	journal = {Monthly Notices of the Royal Astronomical Society},
	number = {3},
	pages = {2017--2035},
	publisher = {Oxford University Press},
	title = {Inference of the cold dark matter substructure mass function at $z=0.2$ using strong gravitational lenses},
	volume = {442},
	year = {2014}}

@article{birrer2020tdcosmo,
	author = {Birrer, S and Shajib, AJ and Galan, A and Millon, M and Treu, T and Agnello, A and Auger, M and Chen, GC-F and Christensen, L and Collett, T and others},
	date-added = {2022-05-15 21:28:56 -0400},
	date-modified = {2022-05-15 21:28:56 -0400},
	journal = {Astronomy \& Astrophysics},
	pages = {A165},
	publisher = {EDP Sciences},
	title = {TDCOSMO-IV. Hierarchical time-delay cosmography--joint inference of the Hubble constant and galaxy density profiles},
	volume = {643},
	year = {2020}}

@article{vegetti2009bayesian,
	author = {Vegetti, Simona and Koopmans, L{\'e}on VE},
	date-added = {2022-05-15 21:17:32 -0400},
	date-modified = {2022-05-15 21:17:32 -0400},
	journal = {Monthly Notices of the Royal Astronomical Society},
	number = {3},
	pages = {945--963},
	publisher = {Blackwell Publishing Ltd Oxford, UK},
	title = {Bayesian strong gravitational-lens modelling on adaptive grids: objective detection of mass substructure in galaxies},
	volume = {392},
	year = {2009}}

@article{nightingale2018autolens,
	author = {Nightingale, JW and Dye, Simon and Massey, Richard J},
	date-added = {2022-05-15 21:16:55 -0400},
	date-modified = {2022-05-15 21:16:55 -0400},
	journal = {Monthly Notices of the Royal Astronomical Society},
	number = {4},
	pages = {4738--4784},
	publisher = {Oxford University Press},
	title = {AutoLens: automated modeling of a strong lens's light, mass, and source},
	volume = {478},
	year = {2018}}

@article{birrer2018lenstronomy,
	author = {Birrer, Simon and Amara, Adam},
	date-added = {2022-05-15 21:13:55 -0400},
	date-modified = {2022-05-15 21:13:55 -0400},
	journal = {Physics of the Dark Universe},
	pages = {189--201},
	publisher = {Elsevier},
	title = {lenstronomy: Multi-purpose gravitational lens modelling software package},
	volume = {22},
	year = {2018}}

@article{warren2003semilinear,
	author = {Warren, SJ and Dye, Simon},
	date-added = {2022-05-15 21:11:44 -0400},
	date-modified = {2022-05-15 21:11:44 -0400},
	journal = {The Astrophysical Journal},
	number = {2},
	pages = {673},
	publisher = {IOP Publishing},
	title = {Semilinear gravitational lens inversion},
	volume = {590},
	year = {2003}}

@article{chianese2020differentiable,
	author = {Chianese, Marco and Coogan, Adam and Hofma, Paul and Otten, Sydney and Weniger, Christoph},
	date-added = {2022-05-15 21:10:37 -0400},
	date-modified = {2022-05-15 21:10:37 -0400},
	journal = {Monthly Notices of the Royal Astronomical Society},
	number = {1},
	pages = {381--393},
	publisher = {Oxford University Press},
	title = {Differentiable strong lensing: uniting gravity and neural nets through differentiable probabilistic programming},
	volume = {496},
	year = {2020}}

@article{morningstar2019data,
	author = {Morningstar, Warren R and Levasseur, Laurence Perreault and Hezaveh, Yashar D and Blandford, Roger and Marshall, Phil and Putzky, Patrick and Rueter, Thomas D and Wechsler, Risa and Welling, Max},
	date-added = {2022-05-15 21:10:10 -0400},
	date-modified = {2022-05-15 21:10:10 -0400},
	journal = {The Astrophysical Journal},
	number = {1},
	pages = {14},
	publisher = {IOP Publishing},
	title = {Data-driven reconstruction of gravitationally lensed galaxies using recurrent inference machines},
	volume = {883},
	year = {2019}}

@article{galan2021slitronomy,
	author = {Galan, A and Peel, A and Joseph, R and Courbin, F and Starck, J-L},
	date-added = {2022-05-15 21:09:38 -0400},
	date-modified = {2022-05-15 21:09:38 -0400},
	journal = {Astronomy \& Astrophysics},
	pages = {A176},
	publisher = {EDP Sciences},
	title = {SLITRONOMY: Towards a fully wavelet-based strong lensing inversion technique},
	volume = {647},
	year = {2021}}

@article{birrer2015gravitational,
	author = {Birrer, Simon and Amara, Adam and Refregier, Alexandre},
	date-added = {2022-05-15 21:09:03 -0400},
	date-modified = {2022-05-15 21:09:03 -0400},
	journal = {The Astrophysical Journal},
	number = {2},
	pages = {102},
	publisher = {IOP Publishing},
	title = {Gravitational lens modeling with basis sets},
	volume = {813},
	year = {2015}}

@article{sersic1963influence,
	author = {S{\'e}rsic, JL},
	date-added = {2022-05-15 21:08:08 -0400},
	date-modified = {2022-05-15 21:08:08 -0400},
	journal = {Boletin de la Asociacion Argentina de Astronomia La Plata Argentina},
	pages = {41--43},
	title = {Influence of the atmospheric and instrumental dispersion on the brightness distribution in a galaxy},
	volume = {6},
	year = {1963}}

@article{karchev2022strong,
	author = {Karchev, Konstantin and Coogan, Adam and Weniger, Christoph},
	date-added = {2022-05-15 20:41:20 -0400},
	date-modified = {2022-05-15 20:41:20 -0400},
	journal = {Monthly Notices of the Royal Astronomical Society},
	number = {1},
	pages = {661--685},
	publisher = {Oxford University Press},
	title = {Strong-lensing source reconstruction with variationally optimized Gaussian processes},
	volume = {512},
	year = {2022}}

@article{Turk1991eigenfaces,
	author = {Turk, M and Pentland, A},
	doi = {10.1162/jocn.1991.3.1.71},
	issn = {0898-929X},
	journal = {J. Cogn. Neurosci.},
	language = {en},
	number = 1,
	pages = {71-86},
	pmid = {23964806},
	title = {Eigenfaces for recognition},
	url = {http://dx.doi.org/10.1162/jocn.1991.3.1.71},
	volume = 3,
	year = 1991,
	bdsk-url-1 = {http://dx.doi.org/10.1162/jocn.1991.3.1.71}}

@article{hornik1989multilayer,
	author = {Hornik, Kurt and Stinchcombe, Maxwell and White, Halbert},
	journal = {Neural networks},
	number = {5},
	pages = {359--366},
	publisher = {Elsevier},
	title = {Multilayer feedforward networks are universal approximators},
	volume = {2},
	year = {1989}}

@inproceedings{yang2022overcoming,
	author = {Ge Yang and Anurag Ajay and Pulkit Agrawal},
	booktitle = {International Conference on Learning Representations},
	title = {Overcoming The Spectral Bias of Neural Value Approximation},
	year = {2022}}

@inproceedings{ulyanov2018deep,
	author = {Ulyanov, Dmitry and Vedaldi, Andrea and Lempitsky, Victor},
	booktitle = {Proceedings of the IEEE conference on computer vision and pattern recognition},
	pages = {9446--9454},
	title = {Deep image prior},
	year = {2018}}

@article{zhang2021understanding,
	author = {Zhang, Chiyuan and Bengio, Samy and Hardt, Moritz and Recht, Benjamin and Vinyals, Oriol},
	journal = {Communications of the ACM},
	number = {3},
	pages = {107--115},
	publisher = {ACM New York, NY, USA},
	title = {Understanding deep learning (still) requires rethinking generalization},
	volume = {64},
	year = {2021}}

@inproceedings{arpit2017closer,
	author = {Arpit, Devansh and Jastrzebski, Stanis{\l}aw and Ballas, Nicolas and Krueger, David and Bengio, Emmanuel and Kanwal, Maxinder S and Maharaj, Tegan and Fischer, Asja and Courville, Aaron and Bengio, Yoshua and others},
	booktitle = {International conference on machine learning},
	organization = {PMLR},
	pages = {233--242},
	title = {A closer look at memorization in deep networks},
	year = {2017}}

@inproceedings{rahaman2019spectral,
	author = {Rahaman, Nasim and Baratin, Aristide and Arpit, Devansh and Draxler, Felix and Lin, Min and Hamprecht, Fred and Bengio, Yoshua and Courville, Aaron},
	booktitle = {International Conference on Machine Learning},
	organization = {PMLR},
	pages = {5301--5310},
	title = {On the spectral bias of neural networks},
	year = {2019}}

@article{cao2019towards,
	author = {Cao, Yuan and Fang, Zhiying and Wu, Yue and Zhou, Ding-Xuan and Gu, Quanquan},
	journal = {arXiv preprint arXiv:1912.01198},
	title = {Towards understanding the spectral bias of deep learning},
	year = {2019}}

@article{Bietti2019inductive,
	author = {Bietti, Alberto and Mairal, Julien},
	issn = {1049-5258},
	journal = {Adv. Neural Inf. Process. Syst.},
	title = {On the inductive bias of neural tangent kernels},
	url = {https://proceedings.neurips.cc/paper/9449-on-the-inductive-bias-of-neural-tangent-kernels},
	volume = 32,
	year = 2019,
	bdsk-url-1 = {https://proceedings.neurips.cc/paper/9449-on-the-inductive-bias-of-neural-tangent-kernels}}

@article{jacot2018neural,
	author = {Jacot, Arthur and Gabriel, Franck and Hongler, Cl{\'e}ment},
	journal = {Advances in neural information processing systems},
	title = {Neural tangent kernel: Convergence and generalization in neural networks},
	volume = {31},
	year = {2018}}

@article{Rahimi2008kitchen,
	author = {Rahimi, Ali and Recht, Benjamin},
	issn = {1049-5258},
	journal = {Adv. Neural Inf. Process. Syst.},
	title = {Weighted Sums of Random Kitchen Sinks: Replacing minimization with randomization in learning},
	url = {https://proceedings.neurips.cc/paper/2008/hash/0efe32849d230d7f53049ddc4a4b0c60-Abstract.html},
	volume = 21,
	year = 2008,
	bdsk-url-1 = {https://proceedings.neurips.cc/paper/2008/hash/0efe32849d230d7f53049ddc4a4b0c60-Abstract.html}}

@article{rahimi2007random,
	author = {Rahimi, Ali and Recht, Benjamin},
	journal = {Advances in neural information processing systems},
	title = {Random features for large-scale kernel machines},
	volume = {20},
	year = {2007}}

@inproceedings{gehring2017convolutional,
	author = {Gehring, Jonas and Auli, Michael and Grangier, David and Yarats, Denis and Dauphin, Yann N},
	booktitle = {International conference on machine learning},
	organization = {PMLR},
	pages = {1243--1252},
	title = {Convolutional sequence to sequence learning},
	year = {2017}}

@article{vaswani2017attention,
	author = {Vaswani, Ashish and Shazeer, Noam and Parmar, Niki and Uszkoreit, Jakob and Jones, Llion and Gomez, Aidan N and Kaiser, {\L}ukasz and Polosukhin, Illia},
	journal = {Advances in neural information processing systems},
	title = {Attention is all you need},
	volume = {30},
	year = {2017}}

@article{devlin2018bert,
	author = {Devlin, Jacob and Chang, Ming-Wei and Lee, Kenton and Toutanova, Kristina},
	journal = {arXiv preprint arXiv:1810.04805},
	title = {Bert: Pre-training of deep bidirectional transformers for language understanding},
	year = {2018}}

@article{Einstein1936LENS,
	author = {Albert B. Einstein},
	journal = {Science},
	pages = {506-7},
	title = {LENS-LIKE ACTION OF A STAR BY THE DEVIATION OF LIGHT IN THE GRAVITATIONAL FIELD.},
	volume = {84 2188},
	year = {1936}}

@article{Clowe2006bullet,
	archiveprefix = {arXiv},
	arxivid = {astro-ph/0608407},
	author = {Clowe, Douglas and Bradac, Marusa and Gonzalez, Anthony H and Markevitch, Maxim and Randall, Scott W and Jones, Christine and Zaritsky, Dennis},
	eprint = {astro-ph/0608407},
	month = aug,
	primaryclass = {astro-ph},
	title = {A direct empirical proof of the existence of dark matter},
	year = 2006}

@book{roberts2022deep-learning,
	archiveprefix = {arXiv},
	author = {Roberts, Daniel A. and Yaida, Sho and Hanin, Boris},
	eprint = {2106.10165},
	note = {\url{https://deeplearningtheory.com}},
	primaryclass = {cs.LG},
	publisher = {Cambridge University Press},
	title = {The Principles of Deep Learning Theory},
	year = {2022}}
