%% This BibTeX bibliography file was created using BibDesk.
%% http://bibdesk.sourceforge.net/

%% Created for Siddharth Mishra-Sharma at 2022-05-15 21:35:59 -0400 


%% Saved with string encoding Unicode (UTF-8) 

@article{blei2017variational,
  title={Variational inference: A review for statisticians},
  author={Blei, David M and Kucukelbir, Alp and McAuliffe, Jon D},
  journal={Journal of the American statistical Association},
  volume={112},
  number={518},
  pages={859--877},
  year={2017},
  publisher={Taylor \& Francis}
}

@article{jordan1999introduction
,
  title={An introduction to variational methods for graphical models},
  author={Jordan, Michael I and Ghahramani, Zoubin and Jaakkola, Tommi S and Saul, Lawrence K},
  journal={Machine learning},
  volume={37},
  number={2},
  pages={183--233},
  year={1999},
  publisher={Springer}
}

@article{phan2019composable,
  title={Composable Effects for Flexible and Accelerated Probabilistic Programming in NumPyro},
  author={Phan, Du and Pradhan, Neeraj and Jankowiak, Martin},
  journal={arXiv preprint arXiv:1912.11554},
  year={2019}
}

@article{scikit-image,
	Author = {van der Walt, {S}t\'efan and {S}ch\"onberger, {J}ohannes {L}. and {Nunez-Iglesias}, {J}uan and {B}oulogne, {F}ran\c{c}ois and {W}arner, {J}oshua {D}. and {Y}ager, {N}eil and {G}ouillart, {E}mmanuelle and {Y}u, {T}ony and the scikit-image contributors},
	Doi = {10.7717/peerj.453},
	Issn = {2167-8359},
	Journal = {PeerJ},
	Keywords = {Image processing, Reproducible research, Education, Visualization, Open source, Python, Scientific programming},
	Month = {6},
	Pages = {e453},
	Title = {scikit-image: image processing in {P}ython},
	Url = {https://doi.org/10.7717/peerj.453},
	Volume = {2},
	Year = {2014},
	Bdsk-Url-1 = {https://doi.org/10.7717/peerj.453}
	}

@software{deepmind2020jax,
  title = {The {D}eep{M}ind {JAX} {E}cosystem},
  author = {Babuschkin, Igor and Baumli, Kate and Bell, Alison and Bhupatiraju, Surya and Bruce, Jake and Buchlovsky, Peter and Budden, David and Cai, Trevor and Clark, Aidan and Danihelka, Ivo and Fantacci, Claudio and Godwin, Jonathan and Jones, Chris and Hennigan, Tom and Hessel, Matteo and Kapturowski, Steven and Keck, Thomas and Kemaev, Iurii and King, Michael and Martens, Lena and Mikulik, Vladimir and Norman, Tamara and Quan, John and Papamakarios, George and Ring, Roman and Ruiz, Francisco and Sanchez, Alvaro and Schneider, Rosalia and Sezener, Eren and Spencer, Stephen and Srinivasan, Srivatsan and Stokowiec, Wojciech and Viola, Fabio},
  url = {http://github.com/deepmind},
  year = {2020},
}

@inproceedings{Kluyver2016JupyterN,
	Author = {Thomas Kluyver and others},
	Booktitle = {ELPUB},
	Date-Added = {2019-08-26 15:09:08 -0400},
	Date-Modified = {2020-11-30 17:34:42 -0500},
	Title = {Jupyter Notebooks - a publishing format for reproducible computational workflows},
	Year = {2016}}


@article{Hunter:2007,
	Abstract = {Matplotlib is a 2D graphics package used for Python
for application development, interactive scripting, and
publication-quality image generation across user
interfaces and operating systems.},
	Author = {Hunter, J. D.},
	Date-Added = {2019-04-11 22:40:10 -0400},
	Date-Modified = {2020-09-30 11:57:18 -0400},
	Journal = {Computing In Science \& Engineering},
	Number = {3},
	Pages = {90--95},
	Publisher = {IEEE COMPUTER SOC},
	Title = {{Matplotlib: A 2D graphics environment}},
	Volume = {9},
	Year = {2007}}

@article{PER-GRA:2007,
	Author = {P\'erez, Fernando and Granger, Brian E.},
	Date-Added = {2020-09-17 14:24:27 -0400},
	Date-Modified = {2020-09-17 14:24:27 -0400},
	Doi = {10.1109/MCSE.2007.53},
	Issn = {1521-9615},
	Journal = {Computing in Science and Engineering},
	Month = may,
	Number = {3},
	Pages = {21--29},
	Publisher = {IEEE Computer Society},
	Title = {{IP}ython: a System for Interactive Scientific Computing},
	Url = {http://ipython.org},
	Volume = {9},
	Year = 2007
	}

@article{harris2020array,
  title={Array programming with NumPy},
  author={Harris, Charles R and Millman, K Jarrod and Van Der Walt, St{\'e}fan J and Gommers, Ralf and Virtanen, Pauli and Cournapeau, David and Wieser, Eric and Taylor, Julian and Berg, Sebastian and Smith, Nathaniel J and others},
  journal={Nature},
  volume={585},
  number={7825},
  pages={357--362},
  year={2020},
  publisher={Nature Publishing Group}
}

@article{2020SciPy-NMeth,
	Adsurl = {https://rdcu.be/b08Wh},
	Author = {Virtanen, Pauli and others},
	Date-Added = {2020-09-30 12:01:16 -0400},
	Date-Modified = {2020-11-30 17:35:50 -0500},
	Doi = {10.1038/s41592-019-0686-2},
	Journal = {Nature Methods},
	Pages = {261--272},
	Title = {{{SciPy} 1.0: Fundamental Algorithms for Scientific Computing in Python}},
	Volume = {17},
	Year = {2020},
	Bdsk-Url-1 = {https://doi.org/10.1038/s41592-019-0686-2}}

@article{treu2010strong,
  title={Strong lensing by galaxies},
  author={Treu, Tommaso},
  journal={Annual Review of Astronomy and Astrophysics},
  volume={48},
  pages={87--125},
  year={2010},
  publisher={Annual Reviews}
}

@ARTICLE{1994A&A...284..285K,
       author = {{Kormann}, R. and {Schneider}, P. and {Bartelmann}, M.},
        title = "{Isothermal elliptical gravitational lens models.}",
      journal = {Astronomy \& Astrophysics},
     keywords = {Astronomical Models, Ellipsoids, Gravitational Lenses, Isothermal Processes, Mass Distribution, Critical Velocity, Distortion, Finite Difference Theory, Vector Analysis, Astrophysics, GRAVITATION, GRAVITATIONAL LENSING},
         year = 1994,
        month = apr,
       volume = {284},
        pages = {285-299},
       adsurl = {https://ui.adsabs.harvard.edu/abs/1994A&A...284..285K},
      adsnote = {Provided by the SAO/NASA Astrophysics Data System}
}

@article{wuyts2012constraints,
  title={Constraints on the low-mass end of the mass-metallicity relation at $z=1$--2 from lensed galaxies
},
  author={Wuyts, Eva and Rigby, Jane R and Sharon, Keren and Gladders, Michael D},
  journal={The Astrophysical Journal},
  volume={755},
  number={1},
  pages={73},
  year={2012},
  publisher={IOP Publishing}
}

@article{acharyya2019rest,
  title={Rest-frame UV and optical emission line diagnostics of ionized gas properties: a test case in a star-forming knot of a lensed galaxy at z~ 1.7},
  author={Acharyya, Ayan and Kewley, Lisa J and Rigby, Jane R and Bayliss, Matthew and Bian, Fuyan and Nicholls, David and Federrath, Christoph and Kaasinen, Melanie and Florian, Michael and Blanc, Guillermo A},
  journal={Monthly Notices of the Royal Astronomical Society},
  volume={488},
  number={4},
  pages={5862--5886},
  year={2019},
  publisher={Oxford University Press}
}

@article{wong2014discovery,
  title={Discovery of a Strong Lensing Galaxy Embedded in a Cluster at $z=1.62$},
  author={Wong, Kenneth C and Tran, Kim-Vy H and Suyu, Sherry H and Momcheva, Ivelina G and Brammer, Gabriel B and Brodwin, Mark and Gonzalez, Anthony H and Halkola, Aleksi and Kacprzak, Glenn G and Koekemoer, Anton M and others},
  journal={The Astrophysical Journal Letters},
  volume={789},
  number={2},
  pages={L31},
  year={2014},
  publisher={IOP Publishing}
}

@article{yuan2017most,
  title={The most ancient spiral galaxy: a 2.6-gyr-old disk with a tranquil velocity field},
  author={Yuan, Tiantian and Richard, Johan and Gupta, Anshu and Federrath, Christoph and Sharma, Soniya and Groves, Brent A and Kewley, Lisa J and Cen, Renyue and Birnboim, Yuval and Fisher, David B},
  journal={The Astrophysical Journal},
  volume={850},
  number={1},
  pages={61},
  year={2017},
  publisher={IOP Publishing}
}

@article{kingma2014adam,
  title={Adam: A method for stochastic optimization},
  author={Kingma, Diederik P and Ba, Jimmy},
  journal={arXiv preprint arXiv:1412.6980},
  year={2014}
}

@article{loshchilov2017decoupled,
  title={Decoupled weight decay regularization},
  author={Loshchilov, Ilya and Hutter, Frank},
  journal={arXiv preprint arXiv:1711.05101},
  year={2017}
}

@article{levis2022gravitationally,
  title={Gravitationally Lensed Black Hole Emission Tomography},
  author={Levis, Aviad and Srinivasan, Pratul P and Chael, Andrew A and Ng, Ren and Bouman, Katherine L},
  journal={arXiv preprint arXiv:2204.03715},
  year={2022}
}

@software{optax2020github,
  author = {Matteo Hessel and David Budden and Fabio Viola and Mihaela Rosca
            and Eren Sezener and Tom Hennigan},
  title = {Optax: composable gradient transformation and optimisation, in JAX!},
  url = {http://github.com/deepmind/optax},
  version = {0.0.1},
  year = {2020},
}

@software{jaxinterp2dgithub,
  author = {Coogan, Adam},
  title = {jaxinterp2d: bilinear interpolation on grids with jax},
  url = {http://github.com/adam-coogan/jaxinterp2d},
}

@software{flax2020github,
  author = {Jonathan Heek and Anselm Levskaya and Avital Oliver and Marvin Ritter and Bertrand Rondepierre and Andreas Steiner and Marc van {Z}ee},
  title = {{F}lax: A neural network library and ecosystem for {JAX}},
  url = {http://github.com/google/flax},
  version = {0.4.2},
  year = {2020},
}

@article{keeton2001catalog,
  title={A catalog of mass models for gravitational lensing},
  author={Keeton, Charles R},
  journal={arXiv preprint astro-ph/0102341},
  year={2001}
}

@article{kingma2013auto,
  title={Auto-encoding variational bayes},
  author={Kingma, Diederik P and Welling, Max},
  journal={arXiv preprint arXiv:1312.6114},
  year={2013}
}

@article{tancik2020fourier,
  title={Fourier features let networks learn high frequency functions in low dimensional domains},
  author={Tancik, Matthew and Srinivasan, Pratul and Mildenhall, Ben and Fridovich-Keil, Sara and Raghavan, Nithin and Singhal, Utkarsh and Ramamoorthi, Ravi and Barron, Jonathan and Ng, Ren},
  journal={Advances in Neural Information Processing Systems},
  volume={33},
  pages={7537--7547},
  year={2020}
}

@software{jax2018github,
  author = {James Bradbury and Roy Frostig and Peter Hawkins and Matthew James Johnson and Chris Leary and Dougal Maclaurin and George Necula and Adam Paszke and Jake Vander{P}las and Skye Wanderman-{M}ilne and Qiao Zhang},
  title = {{JAX}: composable transformations of {P}ython+{N}um{P}y programs},
  url = {http://github.com/google/jax},
  version = {0.2.5},
  year = {2018},
}

@article{gu2022giga,
  title={GIGA-Lens: Fast Bayesian Inference for Strong Gravitational Lens Modeling},
  author={Gu, A and Huang, X and Sheu, W and Aldering, G and Bolton, AS and Boone, K and Dey, A and Filipp, A and Jullo, E and Perlmutter, S and others},
  journal={arXiv preprint arXiv:2202.07663},
  year={2022}
}

@inproceedings{mildenhall2020nerf,
  title={Nerf: Representing scenes as neural radiance fields for view synthesis},
  author={Mildenhall, Ben and Srinivasan, Pratul P and Tancik, Matthew and Barron, Jonathan T and Ramamoorthi, Ravi and Ng, Ren},
  booktitle={European conference on computer vision},
  pages={405--421},
  year={2020},
  organization={Springer}
}

@article{collett2015population,
  title={The population of galaxy--galaxy strong lenses in forthcoming optical imaging surveys},
  author={Collett, Thomas E},
  journal={The Astrophysical Journal},
  volume={811},
  number={1},
  pages={20},
  year={2015},
  publisher={IOP Publishing}
}

@article{simon2019testing,
  title={Testing the nature of dark matter with extremely large telescopes},
  author={Simon, Joshua D and Birrer, Simon and Bechtol, Keith and Chakrabarti, Sukanya and Cyr-Racine, Francis-Yan and Dell'Antonio, Ian and Drlica-Wagner, Alex and Fassnacht, Chris and Geha, Marla and Gilman, Daniel and others},
  journal={arXiv preprint arXiv:1903.04742},
  year={2019}
}

@article{meneghetti2020excess,
	Author = {Meneghetti, Massimo and Davoli, Guido and Bergamini, Pietro and Rosati, Piero and Natarajan, Priyamvada and Giocoli, Carlo and Caminha, Gabriel B and Metcalf, R Benton and Rasia, Elena and Borgani, Stefano and others},
	Date-Added = {2022-05-15 21:35:58 -0400},
	Date-Modified = {2022-05-15 21:35:58 -0400},
	Journal = {Science},
	Number = {6509},
	Pages = {1347--1351},
	Publisher = {American Association for the Advancement of Science},
	Title = {An excess of small-scale gravitational lenses observed in galaxy clusters},
	Volume = {369},
	Year = {2020}}

@article{hsueh2020sharp,
	Author = {Hsueh, Jen-Wei and Enzi, Wolfgang and Vegetti, Simona and Auger, MW and Fassnacht, Christopher D and Despali, Giulia and Koopmans, Leon VE and McKean, John P},
	Date-Added = {2022-05-15 21:35:06 -0400},
	Date-Modified = {2022-05-15 21:35:06 -0400},
	Journal = {Monthly Notices of the Royal Astronomical Society},
	Number = {2},
	Pages = {3047--3059},
	Publisher = {Oxford University Press},
	Title = {SHARP--VII. New constraints on the dark matter free-streaming properties and substructure abundance from gravitationally lensed quasars},
	Volume = {492},
	Year = {2020}}

@article{dalal2002direct,
	Author = {Dalal, N and Kochanek, CS},
	Date-Added = {2022-05-15 21:31:58 -0400},
	Date-Modified = {2022-05-15 21:31:58 -0400},
	Journal = {The Astrophysical Journal},
	Number = {1},
	Pages = {25},
	Publisher = {IOP Publishing},
	Title = {Direct detection of cold dark matter substructure},
	Volume = {572},
	Year = {2002}}

@article{csengul2021substructure,
	Author = {{\c{S}}eng{\"u}l, At{\i}n{\c{c}} {\c{C}}a{\u{g}}an and Dvorkin, Cora and Ostdiek, Bryan and Tsang, Arthur},
	Date-Added = {2022-05-15 21:31:32 -0400},
	Date-Modified = {2022-05-15 21:31:32 -0400},
	Journal = {arXiv preprint arXiv:2112.00749},
	Title = {Substructure Detection Reanalyzed: Dark Perturber shown to be a Line-of-Sight Halo},
	Year = {2021}}

@article{gilman2019warm,
	Author = {Gilman, Daniel and Birrer, Simon and Nierenberg, Anna and Treu, Tommaso and Du, Xiaolong and Benson, Andrew},
	Date-Added = {2022-05-15 21:31:09 -0400},
	Date-Modified = {2022-05-15 21:31:09 -0400},
	Journal = {Monthly Notices of the Royal Astronomical Society},
	Title = {Warm dark matter chills out: constraints on the halo mass function and the free-streaming length of dark matter with 8 quadruple-image strong gravitational lenses},
	Year = {2019}}

@article{hezaveh2016detection,
	Author = {Hezaveh, Yashar D and Dalal, Neal and Marrone, Daniel P and Mao, Yao-Yuan and Morningstar, Warren and Wen, Di and Blandford, Roger D and Carlstrom, John E and Fassnacht, Christopher D and Holder, Gilbert P and others},
	Date-Added = {2022-05-15 21:30:38 -0400},
	Date-Modified = {2022-05-15 21:30:38 -0400},
	Journal = {The Astrophysical Journal},
	Number = {1},
	Pages = {37},
	Publisher = {IOP Publishing},
	Title = {Detection of lensing substructure using ALMA observations of the dusty galaxy SDP. 81},
	Volume = {823},
	Year = {2016}}

@article{vegetti2014inference,
	Author = {Vegetti, S and Koopmans, LVE and Auger, MW and Treu, T and Bolton, AS},
	Date-Added = {2022-05-15 21:29:57 -0400},
	Date-Modified = {2022-05-15 21:29:57 -0400},
	Journal = {Monthly Notices of the Royal Astronomical Society},
	Number = {3},
	Pages = {2017--2035},
	Publisher = {Oxford University Press},
	Title = {Inference of the cold dark matter substructure mass function at $z=0.2$ using strong gravitational lenses},
	Volume = {442},
	Year = {2014}}

@article{birrer2020tdcosmo,
	Author = {Birrer, S and Shajib, AJ and Galan, A and Millon, M and Treu, T and Agnello, A and Auger, M and Chen, GC-F and Christensen, L and Collett, T and others},
	Date-Added = {2022-05-15 21:28:56 -0400},
	Date-Modified = {2022-05-15 21:28:56 -0400},
	Journal = {Astronomy \& Astrophysics},
	Pages = {A165},
	Publisher = {EDP Sciences},
	Title = {TDCOSMO-IV. Hierarchical time-delay cosmography--joint inference of the Hubble constant and galaxy density profiles},
	Volume = {643},
	Year = {2020}}

@article{vegetti2009bayesian,
	Author = {Vegetti, Simona and Koopmans, L{\'e}on VE},
	Date-Added = {2022-05-15 21:17:32 -0400},
	Date-Modified = {2022-05-15 21:17:32 -0400},
	Journal = {Monthly Notices of the Royal Astronomical Society},
	Number = {3},
	Pages = {945--963},
	Publisher = {Blackwell Publishing Ltd Oxford, UK},
	Title = {Bayesian strong gravitational-lens modelling on adaptive grids: objective detection of mass substructure in galaxies},
	Volume = {392},
	Year = {2009}}

@article{nightingale2018autolens,
	Author = {Nightingale, JW and Dye, Simon and Massey, Richard J},
	Date-Added = {2022-05-15 21:16:55 -0400},
	Date-Modified = {2022-05-15 21:16:55 -0400},
	Journal = {Monthly Notices of the Royal Astronomical Society},
	Number = {4},
	Pages = {4738--4784},
	Publisher = {Oxford University Press},
	Title = {AutoLens: automated modeling of a strong lens's light, mass, and source},
	Volume = {478},
	Year = {2018}}

@article{birrer2018lenstronomy,
	Author = {Birrer, Simon and Amara, Adam},
	Date-Added = {2022-05-15 21:13:55 -0400},
	Date-Modified = {2022-05-15 21:13:55 -0400},
	Journal = {Physics of the Dark Universe},
	Pages = {189--201},
	Publisher = {Elsevier},
	Title = {lenstronomy: Multi-purpose gravitational lens modelling software package},
	Volume = {22},
	Year = {2018}}

@article{warren2003semilinear,
	Author = {Warren, SJ and Dye, Simon},
	Date-Added = {2022-05-15 21:11:44 -0400},
	Date-Modified = {2022-05-15 21:11:44 -0400},
	Journal = {The Astrophysical Journal},
	Number = {2},
	Pages = {673},
	Publisher = {IOP Publishing},
	Title = {Semilinear gravitational lens inversion},
	Volume = {590},
	Year = {2003}}

@article{chianese2020differentiable,
	Author = {Chianese, Marco and Coogan, Adam and Hofma, Paul and Otten, Sydney and Weniger, Christoph},
	Date-Added = {2022-05-15 21:10:37 -0400},
	Date-Modified = {2022-05-15 21:10:37 -0400},
	Journal = {Monthly Notices of the Royal Astronomical Society},
	Number = {1},
	Pages = {381--393},
	Publisher = {Oxford University Press},
	Title = {Differentiable strong lensing: uniting gravity and neural nets through differentiable probabilistic programming},
	Volume = {496},
	Year = {2020}}

@article{morningstar2019data,
	Author = {Morningstar, Warren R and Levasseur, Laurence Perreault and Hezaveh, Yashar D and Blandford, Roger and Marshall, Phil and Putzky, Patrick and Rueter, Thomas D and Wechsler, Risa and Welling, Max},
	Date-Added = {2022-05-15 21:10:10 -0400},
	Date-Modified = {2022-05-15 21:10:10 -0400},
	Journal = {The Astrophysical Journal},
	Number = {1},
	Pages = {14},
	Publisher = {IOP Publishing},
	Title = {Data-driven reconstruction of gravitationally lensed galaxies using recurrent inference machines},
	Volume = {883},
	Year = {2019}}

@article{galan2021slitronomy,
	Author = {Galan, A and Peel, A and Joseph, R and Courbin, F and Starck, J-L},
	Date-Added = {2022-05-15 21:09:38 -0400},
	Date-Modified = {2022-05-15 21:09:38 -0400},
	Journal = {Astronomy \& Astrophysics},
	Pages = {A176},
	Publisher = {EDP Sciences},
	Title = {SLITRONOMY: Towards a fully wavelet-based strong lensing inversion technique},
	Volume = {647},
	Year = {2021}}

@article{birrer2015gravitational,
	Author = {Birrer, Simon and Amara, Adam and Refregier, Alexandre},
	Date-Added = {2022-05-15 21:09:03 -0400},
	Date-Modified = {2022-05-15 21:09:03 -0400},
	Journal = {The Astrophysical Journal},
	Number = {2},
	Pages = {102},
	Publisher = {IOP Publishing},
	Title = {Gravitational lens modeling with basis sets},
	Volume = {813},
	Year = {2015}}

@article{sersic1963influence,
	Author = {S{\'e}rsic, JL},
	Date-Added = {2022-05-15 21:08:08 -0400},
	Date-Modified = {2022-05-15 21:08:08 -0400},
	Journal = {Boletin de la Asociacion Argentina de Astronomia La Plata Argentina},
	Pages = {41--43},
	Title = {Influence of the atmospheric and instrumental dispersion on the brightness distribution in a galaxy},
	Volume = {6},
	Year = {1963}}

@article{karchev2022strong,
	Author = {Karchev, Konstantin and Coogan, Adam and Weniger, Christoph},
	Date-Added = {2022-05-15 20:41:20 -0400},
	Date-Modified = {2022-05-15 20:41:20 -0400},
	Journal = {Monthly Notices of the Royal Astronomical Society},
	Number = {1},
	Pages = {661--685},
	Publisher = {Oxford University Press},
	Title = {Strong-lensing source reconstruction with variationally optimized Gaussian processes},
	Volume = {512},
	Year = {2022}}



@ARTICLE{Turk1991eigenfaces,
title = "Eigenfaces for recognition",
author = "Turk, M and Pentland, A",
journal = "J. Cogn. Neurosci.",
volume =  3,
number =  1,
pages = "71-86",
year =  1991,
url = "http://dx.doi.org/10.1162/jocn.1991.3.1.71",
language = "en",
issn = "0898-929X",
pmid = "23964806",
doi = "10.1162/jocn.1991.3.1.71"
}

@article{hornik1989multilayer,
  title={Multilayer feedforward networks are universal approximators},
  author={Hornik, Kurt and Stinchcombe, Maxwell and White, Halbert},
  journal={Neural networks},
  volume={2},
  number={5},
  pages={359--366},
  year={1989},
  publisher={Elsevier}
}


@inproceedings{yang2022overcoming,
title={Overcoming The Spectral Bias of Neural Value Approximation},
author={Ge Yang and Anurag Ajay and Pulkit Agrawal},
booktitle={International Conference on Learning Representations},
year={2022}
}


@inproceedings{ulyanov2018deep,
  title={Deep image prior},
  author={Ulyanov, Dmitry and Vedaldi, Andrea and Lempitsky, Victor},
  booktitle={Proceedings of the IEEE conference on computer vision and pattern recognition},
  pages={9446--9454},
  year={2018}
}

@article{zhang2021understanding,
  title={Understanding deep learning (still) requires rethinking generalization},
  author={Zhang, Chiyuan and Bengio, Samy and Hardt, Moritz and Recht, Benjamin and Vinyals, Oriol},
  journal={Communications of the ACM},
  volume={64},
  number={3},
  pages={107--115},
  year={2021},
  publisher={ACM New York, NY, USA}
}



@inproceedings{arpit2017closer,
  title={A closer look at memorization in deep networks},
  author={Arpit, Devansh and Jastrzebski, Stanis{\l}aw and Ballas, Nicolas and Krueger, David and Bengio, Emmanuel and Kanwal, Maxinder S and Maharaj, Tegan and Fischer, Asja and Courville, Aaron and Bengio, Yoshua and others},
  booktitle={International conference on machine learning},
  pages={233--242},
  year={2017},
  organization={PMLR}
}
@inproceedings{rahaman2019spectral,
  title={On the spectral bias of neural networks},
  author={Rahaman, Nasim and Baratin, Aristide and Arpit, Devansh and Draxler, Felix and Lin, Min and Hamprecht, Fred and Bengio, Yoshua and Courville, Aaron},
  booktitle={International Conference on Machine Learning},
  pages={5301--5310},
  year={2019},
  organization={PMLR}
}

@article{cao2019towards,
  title={Towards understanding the spectral bias of deep learning},
  author={Cao, Yuan and Fang, Zhiying and Wu, Yue and Zhou, Ding-Xuan and Gu, Quanquan},
  journal={arXiv preprint arXiv:1912.01198},
  year={2019}
}
@ARTICLE{Bietti2019inductive,
title = "On the inductive bias of neural tangent kernels",
author = "Bietti, Alberto and Mairal, Julien",
journal = "Adv. Neural Inf. Process. Syst.",
volume =  32,
year =  2019,
url = "https://proceedings.neurips.cc/paper/9449-on-the-inductive-bias-of-neural-tangent-kernels",
issn = "1049-5258"
}

@article{jacot2018neural,
  title={Neural tangent kernel: Convergence and generalization in neural networks},
  author={Jacot, Arthur and Gabriel, Franck and Hongler, Cl{\'e}ment},
  journal={Advances in neural information processing systems},
  volume={31},
  year={2018}
}

@ARTICLE{Rahimi2008kitchen,
title = "Weighted Sums of Random Kitchen Sinks: Replacing minimization with randomization in learning",
author = "Rahimi, Ali and Recht, Benjamin",
journal = "Adv. Neural Inf. Process. Syst.",
volume =  21,
year =  2008,
url = "https://proceedings.neurips.cc/paper/2008/hash/0efe32849d230d7f53049ddc4a4b0c60-Abstract.html",
issn = "1049-5258"
}

@article{rahimi2007random,
  title={Random features for large-scale kernel machines},
  author={Rahimi, Ali and Recht, Benjamin},
  journal={Advances in neural information processing systems},
  volume={20},
  year={2007}
}

@inproceedings{gehring2017convolutional,
  title={Convolutional sequence to sequence learning},
  author={Gehring, Jonas and Auli, Michael and Grangier, David and Yarats, Denis and Dauphin, Yann N},
  booktitle={International conference on machine learning},
  pages={1243--1252},
  year={2017},
  organization={PMLR}
}

@article{vaswani2017attention,
  title={Attention is all you need},
  author={Vaswani, Ashish and Shazeer, Noam and Parmar, Niki and Uszkoreit, Jakob and Jones, Llion and Gomez, Aidan N and Kaiser, {\L}ukasz and Polosukhin, Illia},
  journal={Advances in neural information processing systems},
  volume={30},
  year={2017}
}

@article{devlin2018bert,
  title={Bert: Pre-training of deep bidirectional transformers for language understanding},
  author={Devlin, Jacob and Chang, Ming-Wei and Lee, Kenton and Toutanova, Kristina},
  journal={arXiv preprint arXiv:1810.04805},
  year={2018}
}
@article{Einstein1936LENS,
  title={LENS-LIKE ACTION OF A STAR BY THE DEVIATION OF LIGHT IN THE GRAVITATIONAL FIELD.},
  author={Albert B. Einstein},
  journal={Science},
  year={1936},
  volume={84 2188},
  pages={
          506-7
        }
}


@ARTICLE{Clowe2006bullet,
title = "A direct empirical proof of the existence of dark matter",
author = "Clowe, Douglas and Bradac, Marusa and Gonzalez, Anthony H and Markevitch, Maxim and Randall, Scott W and Jones, Christine and Zaritsky, Dennis",
month =  aug,
year =  2006,
archivePrefix = "arXiv",
eprint = "astro-ph/0608407",
primaryClass = "astro-ph",
arxivid = "astro-ph/0608407"
}


@book{roberts2022deep-learning,
    title = "The Principles of Deep Learning Theory",
    author = "Roberts, Daniel A. and Yaida, Sho and Hanin, Boris",
    publisher = "Cambridge University Press",
    year = "2022",
    eprint = "2106.10165",
    archivePrefix = "arXiv",
    primaryClass = "cs.LG",
    note={\url{https://deeplearningtheory.com}},
}